%YAML 1.1
%TAG !u! tag:unity3d.com,2011:
--- !u!1 &6448706842258988327
GameObject:
  m_ObjectHideFlags: 0
  m_CorrespondingSourceObject: {fileID: 0}
  m_PrefabInstance: {fileID: 0}
  m_PrefabAsset: {fileID: 0}
  serializedVersion: 6
  m_Component:
  - component: {fileID: 6412768493897934227}
  - component: {fileID: 4814406857312839356}
  - component: {fileID: 4551285150304666308}
  - component: {fileID: 6735094136642871681}
  m_Layer: 7
  m_Name: CoinHolderGold
  m_TagString: Untagged
  m_Icon: {fileID: 0}
  m_NavMeshLayer: 0
  m_StaticEditorFlags: 0
  m_IsActive: 1
--- !u!4 &6412768493897934227
Transform:
  m_ObjectHideFlags: 0
  m_CorrespondingSourceObject: {fileID: 0}
  m_PrefabInstance: {fileID: 0}
  m_PrefabAsset: {fileID: 0}
  m_GameObject: {fileID: 6448706842258988327}
  m_LocalRotation: {x: 0, y: 0, z: 0, w: 1}
  m_LocalPosition: {x: -1.224, y: 0, z: 0.935}
  m_LocalScale: {x: 1, y: 1, z: 1}
  m_Children:
  - {fileID: 4757600044953719783}
  - {fileID: 6728471372692100336}
  - {fileID: 4791167215232454679}
  m_Father: {fileID: 0}
  m_RootOrder: 0
  m_LocalEulerAnglesHint: {x: 0, y: 0, z: 0}
--- !u!114 &4814406857312839356
MonoBehaviour:
  m_ObjectHideFlags: 0
  m_CorrespondingSourceObject: {fileID: 0}
  m_PrefabInstance: {fileID: 0}
  m_PrefabAsset: {fileID: 0}
  m_GameObject: {fileID: 6448706842258988327}
  m_Enabled: 1
  m_EditorHideFlags: 0
  m_Script: {fileID: 11500000, guid: 2008d5bc79f21e444b917914da7921e0, type: 3}
  m_Name: 
  m_EditorClassIdentifier: 
  price: 50
  fallLasting: 1.5
  fallHight: 10
  curve:
    serializedVersion: 2
    m_Curve:
    - serializedVersion: 3
      time: 0
      value: -0.0009765625
      inSlope: 0.31905854
      outSlope: 0.31905854
      tangentMode: 0
      weightedMode: 0
      inWeight: 0
      outWeight: 0.09444981
    - serializedVersion: 3
      time: 0.70903516
      value: 0.9579615
      inSlope: 3.109411
      outSlope: 3.109411
      tangentMode: 0
      weightedMode: 0
      inWeight: 0.02175409
      outWeight: 0.39075664
    - serializedVersion: 3
      time: 0.8200199
      value: 0.9029042
      inSlope: -0.053826462
      outSlope: -0.053826462
      tangentMode: 0
      weightedMode: 0
      inWeight: 0.28370613
      outWeight: 0.33333334
    - serializedVersion: 3
      time: 0.88235295
      value: 1.0017502
      inSlope: 0.32614008
      outSlope: 0.32614008
      tangentMode: 0
      weightedMode: 0
      inWeight: 0.33333334
      outWeight: 0.30245414
    - serializedVersion: 3
      time: 0.94310737
      value: 0.9445812
      inSlope: 0.48785326
      outSlope: 0.48785326
      tangentMode: 0
      weightedMode: 0
      inWeight: 0.33333334
      outWeight: 0.33333334
    - serializedVersion: 3
      time: 1
      value: 1
      inSlope: 0.7679281
      outSlope: 0.7679281
      tangentMode: 0
      weightedMode: 0
      inWeight: 0.5291779
      outWeight: 0
    m_PreInfinity: 2
    m_PostInfinity: 2
    m_RotationOrder: 4
  enableRotation: 1
  rotationSpeed: 2
  lifetime: 5
  staticVfx: {fileID: 0}
  collectVfx: {fileID: 135726, guid: fa0f45d143def4e4188900695d955614, type: 3}
  onCollisioVfx: {fileID: 4791167215213032399}
  collisionPlayTimePoint: 0.9
--- !u!135 &4551285150304666308
SphereCollider:
  m_ObjectHideFlags: 0
  m_CorrespondingSourceObject: {fileID: 0}
  m_PrefabInstance: {fileID: 0}
  m_PrefabAsset: {fileID: 0}
  m_GameObject: {fileID: 6448706842258988327}
  m_Material: {fileID: 0}
  m_IsTrigger: 1
  m_Enabled: 1
  serializedVersion: 2
  m_Radius: 1
  m_Center: {x: 0, y: 1, z: 0}
--- !u!114 &6735094136642871681
MonoBehaviour:
  m_ObjectHideFlags: 0
  m_CorrespondingSourceObject: {fileID: 0}
  m_PrefabInstance: {fileID: 0}
  m_PrefabAsset: {fileID: 0}
  m_GameObject: {fileID: 6448706842258988327}
  m_Enabled: 1
  m_EditorHideFlags: 0
  m_Script: {fileID: 11500000, guid: ca24ca69f5f053b4d9d0cb56704176df, type: 3}
  m_Name: 
  m_EditorClassIdentifier: 
  size: {x: 1.5, y: 1.5, z: 1.5}
  shadow: {fileID: 199796621727603028, guid: 20a8cd33ffb9d67458991d4560637632, type: 3}
--- !u!1001 &4758458177349835013
PrefabInstance:
  m_ObjectHideFlags: 0
  serializedVersion: 2
  m_Modification:
    m_TransformParent: {fileID: 6412768493897934227}
    m_Modifications:
    - target: {fileID: 1498403948531744, guid: fa2c57d3f28a5e6419393e8bc3eeb32a, type: 3}
      propertyPath: m_Name
      value: GoldCoin
      objectReference: {fileID: 0}
    - target: {fileID: 1498403948531744, guid: fa2c57d3f28a5e6419393e8bc3eeb32a, type: 3}
      propertyPath: m_Layer
      value: 7
      objectReference: {fileID: 0}
    - target: {fileID: 1667978803413412, guid: fa2c57d3f28a5e6419393e8bc3eeb32a, type: 3}
      propertyPath: m_Layer
      value: 7
      objectReference: {fileID: 0}
    - target: {fileID: 4244701375105762, guid: fa2c57d3f28a5e6419393e8bc3eeb32a, type: 3}
      propertyPath: m_RootOrder
      value: 0
      objectReference: {fileID: 0}
    - target: {fileID: 4244701375105762, guid: fa2c57d3f28a5e6419393e8bc3eeb32a, type: 3}
      propertyPath: m_LocalScale.x
      value: 100
      objectReference: {fileID: 0}
    - target: {fileID: 4244701375105762, guid: fa2c57d3f28a5e6419393e8bc3eeb32a, type: 3}
      propertyPath: m_LocalScale.y
      value: 100
      objectReference: {fileID: 0}
    - target: {fileID: 4244701375105762, guid: fa2c57d3f28a5e6419393e8bc3eeb32a, type: 3}
      propertyPath: m_LocalScale.z
      value: 100
      objectReference: {fileID: 0}
    - target: {fileID: 4244701375105762, guid: fa2c57d3f28a5e6419393e8bc3eeb32a, type: 3}
      propertyPath: m_LocalPosition.x
      value: 0
      objectReference: {fileID: 0}
    - target: {fileID: 4244701375105762, guid: fa2c57d3f28a5e6419393e8bc3eeb32a, type: 3}
      propertyPath: m_LocalPosition.y
      value: 1
      objectReference: {fileID: 0}
    - target: {fileID: 4244701375105762, guid: fa2c57d3f28a5e6419393e8bc3eeb32a, type: 3}
      propertyPath: m_LocalPosition.z
      value: 0
      objectReference: {fileID: 0}
    - target: {fileID: 4244701375105762, guid: fa2c57d3f28a5e6419393e8bc3eeb32a, type: 3}
      propertyPath: m_LocalRotation.w
      value: 0.7071068
      objectReference: {fileID: 0}
    - target: {fileID: 4244701375105762, guid: fa2c57d3f28a5e6419393e8bc3eeb32a, type: 3}
      propertyPath: m_LocalRotation.x
      value: 0.7071068
      objectReference: {fileID: 0}
    - target: {fileID: 4244701375105762, guid: fa2c57d3f28a5e6419393e8bc3eeb32a, type: 3}
      propertyPath: m_LocalRotation.y
      value: 0
      objectReference: {fileID: 0}
    - target: {fileID: 4244701375105762, guid: fa2c57d3f28a5e6419393e8bc3eeb32a, type: 3}
      propertyPath: m_LocalRotation.z
      value: 0
      objectReference: {fileID: 0}
    - target: {fileID: 4244701375105762, guid: fa2c57d3f28a5e6419393e8bc3eeb32a, type: 3}
      propertyPath: m_LocalEulerAnglesHint.x
      value: 90
      objectReference: {fileID: 0}
    - target: {fileID: 4244701375105762, guid: fa2c57d3f28a5e6419393e8bc3eeb32a, type: 3}
      propertyPath: m_LocalEulerAnglesHint.y
      value: 0
      objectReference: {fileID: 0}
    - target: {fileID: 4244701375105762, guid: fa2c57d3f28a5e6419393e8bc3eeb32a, type: 3}
      propertyPath: m_LocalEulerAnglesHint.z
      value: 0
      objectReference: {fileID: 0}
    - target: {fileID: 23941041030839374, guid: fa2c57d3f28a5e6419393e8bc3eeb32a, type: 3}
      propertyPath: m_CastShadows
      value: 0
      objectReference: {fileID: 0}
    - target: {fileID: 23941041030839374, guid: fa2c57d3f28a5e6419393e8bc3eeb32a, type: 3}
      propertyPath: m_ReceiveShadows
      value: 0
      objectReference: {fileID: 0}
    m_RemovedComponents: []
  m_SourcePrefab: {fileID: 100100000, guid: fa2c57d3f28a5e6419393e8bc3eeb32a, type: 3}
--- !u!4 &4757600044953719783 stripped
Transform:
  m_CorrespondingSourceObject: {fileID: 4244701375105762, guid: fa2c57d3f28a5e6419393e8bc3eeb32a, type: 3}
  m_PrefabInstance: {fileID: 4758458177349835013}
  m_PrefabAsset: {fileID: 0}
--- !u!1001 &4791167215232305111
PrefabInstance:
  m_ObjectHideFlags: 0
  serializedVersion: 2
  m_Modification:
    m_TransformParent: {fileID: 6412768493897934227}
    m_Modifications:
    - target: {fileID: 115120, guid: f00b7ce74a405d547ad157c971a52fb9, type: 3}
      propertyPath: m_Name
      value: CollideCoindGold
      objectReference: {fileID: 0}
    - target: {fileID: 115120, guid: f00b7ce74a405d547ad157c971a52fb9, type: 3}
      propertyPath: m_Layer
      value: 7
      objectReference: {fileID: 0}
    - target: {fileID: 141794, guid: f00b7ce74a405d547ad157c971a52fb9, type: 3}
      propertyPath: m_Layer
      value: 7
      objectReference: {fileID: 0}
    - target: {fileID: 147054, guid: f00b7ce74a405d547ad157c971a52fb9, type: 3}
      propertyPath: m_Layer
      value: 7
      objectReference: {fileID: 0}
    - target: {fileID: 157302, guid: f00b7ce74a405d547ad157c971a52fb9, type: 3}
      propertyPath: m_Layer
      value: 7
      objectReference: {fileID: 0}
    - target: {fileID: 164448, guid: f00b7ce74a405d547ad157c971a52fb9, type: 3}
      propertyPath: m_Layer
      value: 7
      objectReference: {fileID: 0}
    - target: {fileID: 448448, guid: f00b7ce74a405d547ad157c971a52fb9, type: 3}
      propertyPath: m_RootOrder
      value: 2
      objectReference: {fileID: 0}
    - target: {fileID: 448448, guid: f00b7ce74a405d547ad157c971a52fb9, type: 3}
      propertyPath: m_LocalPosition.x
      value: 0
      objectReference: {fileID: 0}
    - target: {fileID: 448448, guid: f00b7ce74a405d547ad157c971a52fb9, type: 3}
      propertyPath: m_LocalPosition.y
      value: 0.486
      objectReference: {fileID: 0}
    - target: {fileID: 448448, guid: f00b7ce74a405d547ad157c971a52fb9, type: 3}
      propertyPath: m_LocalPosition.z
      value: 0
      objectReference: {fileID: 0}
    - target: {fileID: 448448, guid: f00b7ce74a405d547ad157c971a52fb9, type: 3}
      propertyPath: m_LocalRotation.w
      value: 0.7071067
      objectReference: {fileID: 0}
    - target: {fileID: 448448, guid: f00b7ce74a405d547ad157c971a52fb9, type: 3}
      propertyPath: m_LocalRotation.x
      value: -0.7071068
      objectReference: {fileID: 0}
    - target: {fileID: 448448, guid: f00b7ce74a405d547ad157c971a52fb9, type: 3}
      propertyPath: m_LocalRotation.y
      value: 0
      objectReference: {fileID: 0}
    - target: {fileID: 448448, guid: f00b7ce74a405d547ad157c971a52fb9, type: 3}
      propertyPath: m_LocalRotation.z
      value: 0
      objectReference: {fileID: 0}
    - target: {fileID: 448448, guid: f00b7ce74a405d547ad157c971a52fb9, type: 3}
      propertyPath: m_LocalEulerAnglesHint.x
      value: -90
      objectReference: {fileID: 0}
    - target: {fileID: 448448, guid: f00b7ce74a405d547ad157c971a52fb9, type: 3}
      propertyPath: m_LocalEulerAnglesHint.y
      value: 0
      objectReference: {fileID: 0}
    - target: {fileID: 448448, guid: f00b7ce74a405d547ad157c971a52fb9, type: 3}
      propertyPath: m_LocalEulerAnglesHint.z
      value: 0
      objectReference: {fileID: 0}
    - target: {fileID: 19821592, guid: f00b7ce74a405d547ad157c971a52fb9, type: 3}
      propertyPath: playOnAwake
      value: 0
      objectReference: {fileID: 0}
    - target: {fileID: 19839210, guid: f00b7ce74a405d547ad157c971a52fb9, type: 3}
      propertyPath: playOnAwake
      value: 0
      objectReference: {fileID: 0}
    - target: {fileID: 19851944, guid: f00b7ce74a405d547ad157c971a52fb9, type: 3}
      propertyPath: playOnAwake
      value: 0
      objectReference: {fileID: 0}
    - target: {fileID: 19865302, guid: f00b7ce74a405d547ad157c971a52fb9, type: 3}
      propertyPath: playOnAwake
      value: 0
      objectReference: {fileID: 0}
    - target: {fileID: 19896550, guid: f00b7ce74a405d547ad157c971a52fb9, type: 3}
      propertyPath: playOnAwake
      value: 0
      objectReference: {fileID: 0}
    - target: {fileID: 19918100, guid: f00b7ce74a405d547ad157c971a52fb9, type: 3}
      propertyPath: m_Materials.Array.size
      value: 1
      objectReference: {fileID: 0}
    - target: {fileID: 19958026, guid: f00b7ce74a405d547ad157c971a52fb9, type: 3}
      propertyPath: m_Materials.Array.size
      value: 1
      objectReference: {fileID: 0}
    - target: {fileID: 19961494, guid: f00b7ce74a405d547ad157c971a52fb9, type: 3}
      propertyPath: m_Materials.Array.size
      value: 1
      objectReference: {fileID: 0}
    - target: {fileID: 19970480, guid: f00b7ce74a405d547ad157c971a52fb9, type: 3}
      propertyPath: m_Materials.Array.size
      value: 1
      objectReference: {fileID: 0}
    - target: {fileID: 19998798, guid: f00b7ce74a405d547ad157c971a52fb9, type: 3}
      propertyPath: m_Materials.Array.size
      value: 1
      objectReference: {fileID: 0}
    m_RemovedComponents: []
  m_SourcePrefab: {fileID: 100100000, guid: f00b7ce74a405d547ad157c971a52fb9, type: 3}
--- !u!4 &4791167215232454679 stripped
Transform:
  m_CorrespondingSourceObject: {fileID: 448448, guid: f00b7ce74a405d547ad157c971a52fb9, type: 3}
  m_PrefabInstance: {fileID: 4791167215232305111}
  m_PrefabAsset: {fileID: 0}
--- !u!198 &4791167215213032399 stripped
ParticleSystem:
  m_CorrespondingSourceObject: {fileID: 19821592, guid: f00b7ce74a405d547ad157c971a52fb9, type: 3}
  m_PrefabInstance: {fileID: 4791167215232305111}
  m_PrefabAsset: {fileID: 0}
--- !u!1001 &6728471372692202998
PrefabInstance:
  m_ObjectHideFlags: 0
  serializedVersion: 2
  m_Modification:
    m_TransformParent: {fileID: 6412768493897934227}
    m_Modifications:
    - target: {fileID: 147564, guid: ed28e53c93fc7d2449d7c68bb8409223, type: 3}
      propertyPath: m_Layer
      value: 7
      objectReference: {fileID: 0}
    - target: {fileID: 163240, guid: ed28e53c93fc7d2449d7c68bb8409223, type: 3}
      propertyPath: m_Layer
      value: 7
      objectReference: {fileID: 0}
    - target: {fileID: 193226, guid: ed28e53c93fc7d2449d7c68bb8409223, type: 3}
      propertyPath: m_Name
      value: TraceGold
      objectReference: {fileID: 0}
    - target: {fileID: 193226, guid: ed28e53c93fc7d2449d7c68bb8409223, type: 3}
      propertyPath: m_Layer
      value: 7
      objectReference: {fileID: 0}
    - target: {fileID: 438534, guid: ed28e53c93fc7d2449d7c68bb8409223, type: 3}
      propertyPath: m_RootOrder
      value: 1
      objectReference: {fileID: 0}
    - target: {fileID: 438534, guid: ed28e53c93fc7d2449d7c68bb8409223, type: 3}
      propertyPath: m_LocalScale.x
      value: 0.5
      objectReference: {fileID: 0}
    - target: {fileID: 438534, guid: ed28e53c93fc7d2449d7c68bb8409223, type: 3}
      propertyPath: m_LocalScale.y
      value: 0.5
      objectReference: {fileID: 0}
    - target: {fileID: 438534, guid: ed28e53c93fc7d2449d7c68bb8409223, type: 3}
      propertyPath: m_LocalScale.z
      value: 0.5
      objectReference: {fileID: 0}
    - target: {fileID: 438534, guid: ed28e53c93fc7d2449d7c68bb8409223, type: 3}
      propertyPath: m_LocalPosition.x
      value: 0
      objectReference: {fileID: 0}
    - target: {fileID: 438534, guid: ed28e53c93fc7d2449d7c68bb8409223, type: 3}
      propertyPath: m_LocalPosition.y
      value: 1.023
      objectReference: {fileID: 0}
    - target: {fileID: 438534, guid: ed28e53c93fc7d2449d7c68bb8409223, type: 3}
      propertyPath: m_LocalPosition.z
      value: 0
      objectReference: {fileID: 0}
    - target: {fileID: 438534, guid: ed28e53c93fc7d2449d7c68bb8409223, type: 3}
      propertyPath: m_LocalRotation.w
      value: 1
      objectReference: {fileID: 0}
    - target: {fileID: 438534, guid: ed28e53c93fc7d2449d7c68bb8409223, type: 3}
      propertyPath: m_LocalRotation.x
      value: -0
      objectReference: {fileID: 0}
    - target: {fileID: 438534, guid: ed28e53c93fc7d2449d7c68bb8409223, type: 3}
      propertyPath: m_LocalRotation.y
      value: -0
      objectReference: {fileID: 0}
    - target: {fileID: 438534, guid: ed28e53c93fc7d2449d7c68bb8409223, type: 3}
      propertyPath: m_LocalRotation.z
      value: -0
      objectReference: {fileID: 0}
    - target: {fileID: 438534, guid: ed28e53c93fc7d2449d7c68bb8409223, type: 3}
      propertyPath: m_LocalEulerAnglesHint.x
      value: -90
      objectReference: {fileID: 0}
    - target: {fileID: 438534, guid: ed28e53c93fc7d2449d7c68bb8409223, type: 3}
      propertyPath: m_LocalEulerAnglesHint.y
      value: 0
      objectReference: {fileID: 0}
    - target: {fileID: 438534, guid: ed28e53c93fc7d2449d7c68bb8409223, type: 3}
      propertyPath: m_LocalEulerAnglesHint.z
      value: 0
      objectReference: {fileID: 0}
    m_RemovedComponents: []
  m_SourcePrefab: {fileID: 100100000, guid: ed28e53c93fc7d2449d7c68bb8409223, type: 3}
--- !u!4 &6728471372692100336 stripped
Transform:
  m_CorrespondingSourceObject: {fileID: 438534, guid: ed28e53c93fc7d2449d7c68bb8409223, type: 3}
  m_PrefabInstance: {fileID: 6728471372692202998}
  m_PrefabAsset: {fileID: 0}
